
% Journals

% First the Full Name is given, then the abbreviation used in the AMS Math
% Reviews, with an indication if it could not be found there.
% Note the 2nd overwrites the 1st, so swap them if you want the full name.

 %{AMS}
 @String{AMSTrans = "American Mathematical Society Translations" }
 @String{AMSTrans = "Amer. Math. Soc. Transl." }
 @String{BullAMS = "Bulletin of the American Mathematical Society" }
 @String{BullAMS = "Bull. Amer. Math. Soc." }
 @String{ProcAMS = "Proceedings of the American Mathematical Society" }
 @String{ProcAMS = "Proc. Amer. Math. Soc." }
 @String{TransAMS = "Transactions of the American Mathematical Society" }
 @String{TransAMS = "Trans. Amer. Math. Soc." }

 %ACM
 @String{CACM = "Communications of the {ACM}" }
 @String{CACM = "Commun. {ACM}" }
 @String{CompServ = "Comput. Surveys" }
 @String{JACM = "J. ACM" }
 @String{ACMMathSoft = "{ACM} Transactions on Mathematical Software" }
 @String{ACMMathSoft = "{ACM} Trans. Math. Software" }
 @String{SIGNUM = "{ACM} {SIGNUM} Newsletter" }
 @String{SIGNUM = "{ACM} {SIGNUM} Newslett." }

 @String{AmerSocio = "American Journal of Sociology" }
 @String{AmerStatAssoc = "Journal of the American Statistical Association" }
 @String{AmerStatAssoc = "J. Amer. Statist. Assoc." }
 @String{ApplMathComp = "Applied Mathematics and Computation" }
 @String{ApplMathComp = "Appl. Math. Comput." }
 @String{AmerMathMonthly = "American Mathematical Monthly" }
 @String{AmerMathMonthly = "Amer. Math. Monthly" }
 @String{BIT = "{BIT}" }
 @String{BritStatPsych = "British Journal of Mathematical and Statistical
          Psychology" }
 @String{BritStatPsych = "Brit. J. Math. Statist. Psych." }
 @String{CanMathBull = "Canadian Mathematical Bulletin" }
 @String{CanMathBull = "Canad. Math. Bull." }
 @String{CompApplMath = "Journal of Computational and Applied Mathematics" }
 @String{CompApplMath = "J. Comput. Appl. Math." }
 @String{CompPhys = "Journal of Computational Physics" }
 @String{CompPhys = "J. Comput. Phys." }
 @String{CompStruct = "Computers and Structures" }
 @String{CompStruct = "Comput. \& Structures" }
 @String{CompJour = "The Computer Journal" }
 @String{CompJour = "Comput. J." }
 @String{CompSysSci = "Journal of Computer and System Sciences" }
 @String{CompSysSci = "J. Comput. System Sci." }
 @String{Computing = "Computing" }
 @String{ContempMath = "Contemporary Mathematics" }
 @String{ContempMath = "Contemp. Math." }
 @String{Crelle = "Crelle's Journal" }
 @String{GiornaleMath = "Giornale di Mathematiche" }
 @String{GiornaleMath = "Giorn. Mat." } % didn't find in AMS MR., ibid.

 %IEEE
 @String{Computer = "{IEEE} Computer" }
 @String{IEEETransComp = "{IEEE} Transactions on Computers" }
 @String{IEEETransComp = "{IEEE} Trans. Comput." }
 @String{IEEETransAC = "{IEEE} Transactions on Automatic Control" }
 @String{IEEETransAC = "{IEEE} Trans. Automat. Control" }
 @String{IEEESpec = "{IEEE} Spectrum" } % didn't find in AMS MR
 @String{ProcIEEE = "Proceedings of the {IEEE}" }
 @String{ProcIEEE = "Proc. {IEEE}" } % didn't find in AMS MR
 @String{IEEETransAeroElec = "{IEEE} Transactions on Aerospace and Electronic
     Systems" }
 @String{IEEETransAeroElec = "{IEEE} Trans. Aerospace Electron. Systems" }

 @String{IMANumerAna = "{IMA} Journal of Numerical Analysis" }
 @String{IMANumerAna = "{IMA} J. Numer. Anal." }
 @String{InfProcLet = "Information Processing Letters" }
 @String{InfProcLet = "Inform. Process. Lett." }
 @String{InstMathApp = "Journal of the Institute of Mathematics and
     its Applications" }
 @String{InstMathApp = "J. Inst. Math. Appl." }
 @String{IntControl = "International Journal of Control" }
 @String{IntControl = "Internat. J. Control" }
 @String{IntNumerEng = "International Journal for Numerical Methods in
     Engineering" }
 @String{IntNumerEng = "Internat. J. Numer. Methods Engrg." }
 @String{IntSuper = "International Journal of Supercomputing Applications" }
 @String{IntSuper = "Internat. J. Supercomputing Applic." } % didn't find
%% in AMS MR
 @String{Kibernetika = "Kibernetika" }
 @String{JResNatBurStand = "Journal of Research of the National Bureau
     of Standards" }
 @String{JResNatBurStand = "J. Res. Nat. Bur. Standards" }
 @String{LinAlgApp = "Linear Algebra and its Applications" }
 @String{LinAlgApp = "Linear Algebra Appl." }
 @String{MathAnaAppl = "Journal of Mathematical Analysis and Applications" }
 @String{MathAnaAppl = "J. Math. Anal. Appl." }
 @String{MathAnnalen = "Mathematische Annalen" }
 @String{MathAnnalen = "Math. Ann." }
 @String{MathPhys = "Journal of Mathematical Physics" }
 @String{MathPhys = "J. Math. Phys." }
 @String{MathComp = "Mathematics of Computation" }
 @String{MathComp = "Math. Comp." }
 @String{MathScand = "Mathematica Scandinavica" }
 @String{MathScand = "Math. Scand." }
 @String{TablesAidsComp = "Mathematical Tables and Other Aids to Computation" }
 @String{TablesAidsComp = "Math. Tables Aids Comput." }
 @String{NumerMath = "Numerische Mathematik" }
 @String{NumerMath = "Numer. Math." }
 @String{PacificMath = "Pacific Journal of Mathematics" }
 @String{PacificMath = "Pacific J. Math." }
 @String{ParDistComp = "Journal of Parallel and Distributed Computing" }
 @String{ParDistComp = "J. Parallel and Distrib. Comput." } % didn't find
%% in AMS MR
 @String{ParComputing = "Parallel Computing" }
 @String{ParComputing = "Parallel Comput." }
 @String{PhilMag = "Philosophical Magazine" }
 @String{PhilMag = "Philos. Mag." }
 @String{ProcNAS = "Proceedings of the National Academy of Sciences
                    of the USA" }
 @String{ProcNAS = "Proc. Nat. Acad. Sci. U. S. A." }
 @String{Psychometrika = "Psychometrika" }
 @String{QuartMath = "Quarterly Journal of Mathematics, Oxford, Series (2)" }
 @String{QuartMath = "Quart. J. Math. Oxford Ser. (2)" }
 @String{QuartApplMath = "Quarterly of Applied Mathematics" }
 @String{QuartApplMath = "Quart. Appl. Math." }
 @String{RevueInstStat = "Review of the International Statisical Institute" }
 @String{RevueInstStat = "Rev. Inst. Internat. Statist." }

 %SIAM
 @String{JSIAM = "Journal of the Society for Industrial and Applied
     Mathematics" }
 @String{JSIAM = "J. Soc. Indust. Appl. Math." }
 @String{JSIAMB = "Journal of the Society for Industrial and Applied
     Mathematics, Series B, Numerical Analysis" }
 @String{JSIAMB = "J. Soc. Indust. Appl. Math. Ser. B Numer. Anal." }
 @String{SIAMAlgMeth = "{SIAM} Journal on Algebraic and Discrete Methods" }
 @String{SIAMAlgMeth = "{SIAM} J. Algebraic Discrete Methods" }
 @String{SIAMAppMath = "{SIAM} Journal on Applied Mathematics" }
 @String{SIAMAppMath = "{SIAM} J. Appl. Math." }
 @String{SIAMComp = "{SIAM} Journal on Computing" }
 @String{SIAMComp = "{SIAM} J. Comput." }
 @String{SIAMMatrix = "{SIAM} Journal on Matrix Analysis and Applications" }
 @String{SIAMMatrix = "{SIAM} J. Matrix Anal. Appl." }
 @String{SIAMNumAnal = "{SIAM} Journal on Numerical Analysis" }
 @String{SIAMNumAnal = "{SIAM} J. Numer. Anal." }
 @String{SIAMReview = "{SIAM} Review" }
 @String{SIAMReview = "{SIAM} Rev." }
 @String{SIAMSciStat = "{SIAM} Journal on Scientific and Statistical
     Computing" }
 @String{SIAMSciStat = "{SIAM} J. Sci. Statist. Comput." }

 @String{SoftPracExp = "Software Practice and Experience" }
 @String{SoftPracExp = "Software Prac. Experience" } % didn't find in AMS MR
 @String{StatScience = "Statistical Science" }
 @String{StatScience = "Statist. Sci." }
 @String{Techno = "Technometrics" }
 @String{USSRCompMathPhys = "{USSR} Computational Mathematics and Mathematical
     Physics" }
 @String{USSRCompMathPhys = "{U. S. S. R.} Comput. Math. and Math. Phys." }
 @String{VLSICompSys = "Journal of {VLSI} and Computer Systems" }
 @String{VLSICompSys = "J. {VLSI} Comput. Syst." }
 @String{ZAngewMathMech = "Zeitschrift fur Angewandte Mathematik und
     Mechanik" }
 @String{ZAngewMathMech = "Z. Angew. Math. Mech." }
 @String{ZAngewMathPhys = "Zeitschrift fur Angewandte Mathematik und Physik" }
 @String{ZAngewMathPhys = "Z. Angew. Math. Phys." }

% Publishers % ================================================= |

 @String{Academic = "Academic Press" }
 @String{ACMPress = "{ACM} Press" }
 @String{AdamHilger = "Adam Hilger" }
 @String{AddisonWesley = "Addison-Wesley" }
 @String{AllynBacon = "Allyn and Bacon" }
 @String{AMS = "American Mathematical Society" }
 @String{Birkhauser = "Birkha{\"u}ser" }
 @String{CambridgePress = "Cambridge University Press" }
 @String{Chelsea = "Chelsea" }
 @String{ClaredonPress = "Claredon Press" }
 @String{DoverPub = "Dover Publications" }
 @String{Eyolles = "Eyolles" }
 @String{HoltRinehartWinston = "Holt, Rinehart and Winston" }
 @String{Interscience = "Interscience" }
 @String{JohnsHopkinsPress = "The Johns Hopkins University Press" }
 @String{JohnWileySons = "John Wiley and Sons" }
 @String{Macmillan = "Macmillan" }
 @String{MathWorks = "The Math Works Inc." }
 @String{McGrawHill = "McGraw-Hill" }
 @String{NatBurStd = "National Bureau of Standards" }
 @String{NorthHolland = "North-Holland" }
 @String{OxfordPress = "Oxford University Press" }  %address Oxford or London?
 @String{PergamonPress = "Pergamon Press" }
 @String{PlenumPress = "Plenum Press" }
 @String{PrenticeHall = "Prentice-Hall" }
 @String{SIAMPub = "{SIAM} Publications" }
 @String{Springer = "Springer-Verlag" }
 @String{TexasPress = "University of Texas Press" }
 @String{VanNostrand = "Van Nostrand" }
 @String{WHFreeman = "W. H. Freeman and Co." }

%Entries

@Article{Abril07,
  author        = "Patricia S. Abril and Robert Plant",
  title         = "The patent holder's dilemma: Buy, sell, or troll?",
  journal       = "Communications of the ACM",
  volume        = "50",
  number        = "1",
  month         = jan,
  year          = "2007",
  pages         = "36--44",
  doi           = "10.1145/1188913.1188915",
  url           = "http://doi.acm.org/10.1145/1219092.1219093",
  note          = "",
}

@Article{Cohen07,
  author        = "Sarah Cohen and Werner Nutt and Yehoshua Sagic",
  title         = "Deciding equivalances among conjunctive aggregate queries",
  journal       = JACM,
  articleno     = 5,
  numpages      = 50,
  volume        = 54,
  number        = 2,
  month         = apr,
  year          = 2007,
  doi           = "10.1145/1219092.1219093",
  url           = "http://doi.acm.org/10.1145/1219092.1219093",
  acmid         = 1219093,
}


@periodical{JCohen96,
  key =          "Cohen",
  editor =       "Jacques Cohen",
  title =        "Special issue: Digital Libraries",
  journal =      CACM,
  volume =       "39",
  number =       "11",
  month =        nov,
  year =         "1996",
}


@Book{Kosiur01,
  author =       "David Kosiur",
  title =        "Understanding Policy-Based Networking",
  publisher =    "Wiley",
  year =         "2001",
  address =      "New York, NY",
  edition =      "2nd.",
  editor =       "",
  volume =       "",
  number =       "",
  series =       "",
  month =        "",
  note =         "",
}


@Book{Harel79,
  author =       "David Harel",
  year =         "1979",
  title =        "First-Order Dynamic Logic",
  series =       "Lecture Notes in Computer Science",
  volume =       "68",
  address =      "New York, NY",
  publisher =    "Springer-Verlag",
  doi =          "10.1007/3-540-09237-4",
  url =          "http://dx.doi.org/10.1007/3-540-09237-4",
  editor =       "",
  number =       "",
  month =        "",
  note =         "",
}


@Inbook{Editor00,
  author =       "",
  editor =       "Ian Editor",
  title =        "The title of book one",
  subtitle =     "The book subtitle",
  series =       "The name of the series one",
  year =         "2007",
  volume =       "9",
  address =      "Chicago",
  edition =      "1st.",
  publisher =    "University of Chicago Press",
  doi =          "10.1007/3-540-09237-4",
  url =          "http://dx.doi.org/10.1007/3-540-09456-9",
  chapter =      "",
  pages =        "",
  number =       "",
  type =         "",
  month =        "",
  note =         "",
}

%
@InBook{Editor00a,
  author =       "",
  editor =       "Ian Editor",
  title =        "The title of book two",
  subtitle =     "The book subtitle",
  series =       "The name of the series two",
  year =         "2008",
  address =      "Chicago",
  edition =      "2nd.",
  publisher =    "University of Chicago Press",
  doi =          "10.1007/3-540-09237-4",
  url =          "http://dx.doi.org/10.1007/3-540-09456-9",
  volume =       "",
  chapter =      "100",
  pages =        "",
  number =       "",
  type =         "",
  month =        "",
  note =         "",
}


% incollection (has an editor, title, and possibly a booktitle)
@Incollection{Spector90,
  author =       "Asad Z. Spector",
  title =        "Achieving application requirements",
  booktitle =    "Distributed Systems",
  publisher =    "ACM Press",
  address =      "New York, NY",
  year =         "1990",
  edition =      "2nd.",
  chapter =      "",
  editor =       "Sape Mullender",
  pages =        "19--33",
  doi =          "10.1145/90417.90738",
  url =          "http://doi.acm.org/10.1145/90417.90738",
  volume =       "",
  number =       "",
  series =       "",
  type =         "",
  month =        "",
  note =         "",
}


% incollection (has an editor, title, and possibly a booktitle)
@Incollection{Douglass98,
  author =       "Bruce P. Douglass and David Harel and Mark B. Trakhtenbrot",
  title =        "Statecarts in use: structured analysis and object-orientation",
  series =       "Lecture Notes in Computer Science",
  booktitle =    "Lectures on Embedded Systems",
  publisher =    "Springer-Verlag",
  address =      "London",
  volume =       "1494",
  year =         "1998",
  chapter =      "",
  editor =       "Grzegorz Rozenberg and Frits W. Vaandrager",
  pages =        "368--394",
  doi =          "10.1007/3-540-65193-4_29",
  url =          "http://dx.doi.org/10.1007/3-540-65193-4_29",
  edition =      "",
  number =       "",
  type =         "",
  month =        "",
  note =         "",
}


@Book{Knuth97,
  author =       "Donald E. Knuth",
  title =        "The Art of Computer Programming, Vol. 1: Fundamental Algorithms (3rd. ed.)",
  publisher =    "Addison Wesley Longman Publishing Co., Inc.",
  year =         "1997",
  address =      "",
  edition =      "",
  editor =       "",
  volume =       "",
  number =       "",
  series =       "",
  month =        "",
  note =         "",
}


@inproceedings{das2019novel,
  title={A novel graphical lasso based approach towards segmentation analysis in energy game-theoretic frameworks},
  author={Das, Hari Prasanna and Konstantakopoulos, Ioannis C and Manasawala, Aummul Baneen and Veeravalli, Tanya and Liu, Huihan and Spanos, Costas J},
  booktitle={2019 18th IEEE International Conference On Machine Learning And Applications (ICMLA)},
  pages={1702--1709},
  year={2019},
  organization={IEEE}
}

@article{konstantakopoulos2019design,
  title={Design, benchmarking and explainability analysis of a game-theoretic framework towards energy efficiency in smart infrastructure},
  author={Konstantakopoulos, Ioannis C and Das, Hari Prasanna and Barkan, Andrew R and He, Shiying and Veeravalli, Tanya and Liu, Huihan and Manasawala, Aummul Baneen and Lin, Yu-Wen and Spanos, Costas J},
  journal={arXiv preprint arXiv:1910.07899},
  year={2019}
}

@article{das2020occupants,
  title={Do Occupants in a Building exhibit patterns in Energy Consumption? Analyzing Clusters in Energy Social Games},
  author={Das, Hari Prasanna and Konstantakopoulos, Ioannis and Manasawala, Aummul Baneen and Veeravalli, Tanya and Liu, Huihan and Spanos, Costas J},
  year={2020}
}

@Book{Knuth98,
  author =       "Donald E. Knuth",
  year =         "1998",
  title =        "The Art of Computer Programming",
  series =       "Fundamental Algorithms",
  volume =       "1",
  edition =      "3rd",
  address =      "",
  publisher =    "Addison Wesley Longman Publishing Co., Inc.",
  doi =          "",
  url =          "",
  editor =       "",
  number =       "",
  month =        "",
  note =         "(book)",
}

%Inbook{Knuth97,
%  author =       "Donald E. Knuth",
%  title =        "The Art of Computer Programming",
%  booktitle =    "the booktitle",
%  edition =      "3",
%  volume =       "1",
%  year =         "1997",
%  publisher =    "Addison Wesley Longman Publishing Co., Inc.",
%  editor =       "",
%  number =       "",
%  series =       "Fundamental Algorithms",
%  type =         "",
%  chapter =      "",
%  pages =        "",
%  address =      "",
%  month =        "",
%  note =         "(inbook)",
%}

%INBOOK{DK:73-inbook-full,
%   author = "Donald E. Knuth",
%   title = "Fundamental Algorithms (inbook w series)",
%   volume = 1,
%   series = "The Art of Computer Programming",
%   publisher = "Addison-Wesley",
%   address = "Reading, Massachusetts",
%   edition = "Second",
%   month = "10~" # jan,
%   year = "1973",
%   type = "Section",
%   chapter = "1.2",
%   pages = "10--119",
%   note = "Full INBOOK entry (w series)",
%}

%INcollection{DK:74-incoll,
%   author = "Donald E. Knuth",
%   title = "Fundamental Algorithms (incoll)",
%   volume = 1,
%   booktitle = "The Art of Computer Programming",
%   publisher = "Addison-Wesley",
%   address = "Reading, Massachusetts",
%   month = "10~" # jan,
%   year = "1974",
%   pages = "10--119",
%   editor = "Bernard Rous",
%   note = "This is a full incoll entry with an editor",
%}

%INcollection{DK:75-incollws,
%   author = "Donald E. Knuth",
%   title = "Fundamental Algorithms (incoll w series)",
%   volume = 1,
%   booktitle = "The Art of Computer Programming",
%   series = "The Art of Computer Programming",
%   publisher = "Addison-Wesley",
%   address = "Reading, Massachusetts",
%   month = "10~" # jan,
%   year = "1975",
%   pages = "10--119",
%   editor = "Bernard Rous",
%   note = "This is a full incoll entry with an editor and series",
%}


@incollection{GM05,
Author= "Dan Geiger and Christopher Meek",
Title= "Structured Variational Inference Procedures and their Realizations (as incol)",
Year= 2005,
Booktitle="Proceedings of Tenth International Workshop on Artificial Intelligence and Statistics, {\rm The Barbados}",
Publisher="The Society for Artificial Intelligence and Statistics",
Month= jan,
Editors= "Z. Ghahramani and R. Cowell"
}

@Inproceedings{Smith10,
  author =       "Stan W. Smith",
  title =        "An experiment in bibliographic mark-up: Parsing metadata for XML export",
  booktitle =    "Proceedings of the 3rd. annual workshop on Librarians and Computers",
  series =       "LAC '10",
  editor =       "Reginald N. Smythe and Alexander Noble",
  volume =       "3",
  year =         "2010",
  publisher =    "Paparazzi Press",
  address =      "Milan Italy",
  pages =        "422--431",
  doi =          "99.9999/woot07-S422",
  url =          "http://dx.doi.org/99.0000/woot07-S422",
  number =       "",
  month =        "",
  organization = "",
  note =         "",
}

@Inproceedings{VanGundy07,
  author =       "Matthew Van Gundy and Davide Balzarotti and Giovanni Vigna",
  year =         2007,
  title =        "Catch me, if you can: Evading network signatures with web-based polymorphic worms",
  booktitle =    "Proceedings of the first USENIX workshop on Offensive Technologies",
  series =       "WOOT '07",
  publisher =    "USENIX Association",
  address =      "Berkley, CA",
  articleno =    {Paper 7},
  numpages =     9,
}

@Inproceedings{VanGundy08,
  author =       "Matthew Van Gundy and Davide Balzarotti and Giovanni Vigna",
  year =         2008,
  title =        "Catch me, if you can: Evading network signatures with web-based polymorphic worms",
  booktitle =    "Proceedings of the first USENIX workshop on Offensive Technologies",
  series =       "WOOT '08",
  publisher =    "USENIX Association",
  address =      "Berkley, CA",
  articleno =    7,
  numpages =     2,
  pages =        "99-100",
}

@Inproceedings{VanGundy09,
  author =       "Matthew Van Gundy and Davide Balzarotti and Giovanni Vigna",
  year =         2009,
  title =        "Catch me, if you can: Evading network signatures with web-based polymorphic worms",
  booktitle =    "Proceedings of the first USENIX workshop on Offensive Technologies",
  series =       "WOOT '09",
  publisher =    "USENIX Association",
  address =      "Berkley, CA",
  pages =        "90--100",
}

@Inproceedings{Andler79,
  author =       "Sten Andler",
  title =        "Predicate Path expressions",
  booktitle =    "Proceedings of the 6th. ACM SIGACT-SIGPLAN symposium on Principles of Programming Languages",
  series =       "POPL '79",
  year =         "1979",
  publisher =    "ACM Press",
  address =      "New York, NY",
  pages =        "226--236",
  doi =          "10.1145/567752.567774",
  url =          "http://doi.acm.org/10.1145/567752.567774",
  editor =       "",
  volume =       "",
  number =       "",
  month =        "",
  organization = "",
  note =         "",
}

@Techreport{Harel78,
  author =       "David Harel",
  year =         "1978",
  title =        "LOGICS of Programs: AXIOMATICS and DESCRIPTIVE POWER",
  institution =  "Massachusetts Institute of Technology",
  type =         "MIT Research Lab Technical Report",
  number =       "TR-200",
  address =      "Cambridge, MA",
  month =        "",
  note =         "",
}

@MASTERSTHESIS{anisi03,
author = {David A. Anisi},
title = {Optimal Motion Control of a Ground Vehicle},
school = {Royal Institute of Technology (KTH), Stockholm, Sweden},
intitution = {FOI-R-0961-SE, Swedish Defence Research Agency (FOI)},
year = {2003},
}


@Phdthesis{Clarkson85,
  author =       "Kenneth L. Clarkson",
  year =         "1985",
  title =        "Algorithms for Closest-Point Problems (Computational Geometry)",
  school =       "Stanford University",
  address =      "Palo Alto, CA",
  note =         "UMI Order Number: AAT 8506171",
  type =         "",
  month =        "",
}


@online{Thornburg01,
  author =       "Harry Thornburg",
  year =         "2001",
  title =        "Introduction to Bayesian Statistics",
  url =          "http://ccrma.stanford.edu/~jos/bayes/bayes.html",
  month =        mar,
  lastaccessed = "March 2, 2005",
}


@online{Ablamowicz07,
  author =       "Rafal Ablamowicz and Bertfried Fauser",
  year =         "2007",
  title =        "CLIFFORD: a Maple 11 Package for Clifford Algebra Computations, version 11",
  url =          "http://math.tntech.edu/rafal/cliff11/index.html",
  lastaccessed = "February 28, 2008",
}


@misc{Poker06,
  author =       "Poker-Edge.Com",
  year =         "2006",
  month =        mar,
  title =        "Stats and Analysis",
  lastaccessed = "June 7, 2006",
  url =          "http://www.poker-edge.com/stats.php",
}

@misc{Obama08,
  author        = "Barack Obama",
  year          = "2008",
  title         = "A more perfect union",
  howpublished  = "Video",
  day           = "5",
  url           = "http://video.google.com/videoplay?docid=6528042696351994555",
  month         = mar,
  lastaccessed  = "March 21, 2008",
  note          =  "",
}

@misc{JoeScientist001,
  author =       "Joseph Scientist",
  year =         "2009",
  title =        "The fountain of youth",
  note =         "Patent No. 12345, Filed July 1st., 2008, Issued Aug. 9th., 2009",
  url =          "",
  howpublished = "",
  month =        aug,
  lastaccessed = "",
}


@Inproceedings{Novak03,
  author =       "Dave Novak",
  title =        "Solder man",
  booktitle =    "ACM SIGGRAPH 2003 Video Review on Animation theater Program: Part I - Vol. 145 (July 27--27, 2003)",
  year =         "2003",
  publisher =    "ACM Press",
  address =      "New York, NY",
  pages =        "4",
  month =        "March 21, 2008",
  doi =          "99.9999/woot07-S422",
  url =          "http://video.google.com/videoplay?docid=6528042696351994555",
  note =         "",
  howpublished = "Video",
  editor =       "",
  volume =       "",
  number =       "",
  series =       "",
  organization = "",
}


@article{Lee05,
  author =       "Newton Lee",
  year =         "2005",
  title =        "Interview with Bill Kinder: January 13, 2005",
  journal =      "Comput. Entertain.",
  eid =          "4",
  volume =       "3",
  number =       "1",
  month =        "Jan.-March",
  doi =          "10.1145/1057270.1057278",
  url =          "http://doi.acm.org/10.1145/1057270.1057278",
  howpublished = "Video",
  note =         "",
}

@article{rous08,
  author =       "Bernard Rous",
  year =         "2008",
  title =        "The Enabling of Digital Libraries",
  journal =      "Digital Libraries",
  volume =       "12",
  number =       "3",
  month =        jul,
  articleno =    "Article~5",
  doi =          "",
  url =          "",
  howpublished = "",
  note =         "To appear",
}

@article{384253,
 author = {Werneck,, Renato and Setubal,, Jo\~{a}o and da Conceic\~{a}o,, Arlindo},
 title = {(old) Finding minimum congestion spanning trees},
 journal = {J. Exp. Algorithmics},
 volume = {5},
 year = {2000},
 issn = {1084-6654},
 pages = {11},
 doi = {http://doi.acm.org/10.1145/351827.384253},
 publisher = {ACM},
 address = {New York, NY, USA},
 }


@article{Werneck:2000:FMC:351827.384253,
 author = {Werneck, Renato and Setubal, Jo\~{a}o and da Conceic\~{a}o, Arlindo},
 title = {(new) Finding minimum congestion spanning trees},
 journal = {J. Exp. Algorithmics},
 volume = 5,
 month = dec,
 year = 2000,
 issn = {1084-6654},
 articleno = 11,
 url = {http://portal.acm.org/citation.cfm?id=351827.384253},
 doi = {10.1145/351827.384253},
 acmid = 384253,
 publisher = {ACM},
 address = {New York, NY, USA},
}

@article{1555162,
 author = {Conti, Mauro and Di Pietro, Roberto and Mancini, Luigi V. and Mei, Alessandro},
 title = {(old) Distributed data source verification in wireless sensor networks},
 journal = {Inf. Fusion},
 volume = {10},
 number = {4},
 year = {2009},
 issn = {1566-2535},
 pages = {342--353},
 doi = {http://dx.doi.org/10.1016/j.inffus.2009.01.002},
 publisher = {Elsevier Science Publishers B. V.},
 address = {Amsterdam, The Netherlands, The Netherlands},
 }

@article{Conti:2009:DDS:1555009.1555162,
 author = {Conti, Mauro and Di Pietro, Roberto and Mancini, Luigi V. and Mei, Alessandro},
 title = {(new) Distributed data source verification in wireless sensor networks},
 journal = {Inf. Fusion},
 volume = {10},
 number = {4},
 month = oct,
 year = {2009},
 issn = {1566-2535},
 pages = {342--353},
 numpages = {12},
 url = {http://portal.acm.org/citation.cfm?id=1555009.1555162},
 doi = {10.1016/j.inffus.2009.01.002},
 acmid = {1555162},
 publisher = {Elsevier Science Publishers B. V.},
 address = {Amsterdam, The Netherlands, The Netherlands},
 keywords = {Clone detection, Distributed protocol, Securing data fusion, Wireless sensor networks},
}

@inproceedings{Li:2008:PUC:1358628.1358946,
 author = {Li, Cheng-Lun and Buyuktur, Ayse G. and Hutchful, David K. and Sant, Natasha B. and Nainwal, Satyendra K.},
 title = {Portalis: using competitive online interactions to support aid initiatives for the homeless},
 booktitle = {CHI '08 extended abstracts on Human factors in computing systems},
 year = {2008},
 isbn = {978-1-60558-012-X},
 location = {Florence, Italy},
 pages = {3873--3878},
 numpages = {6},
 url = {http://portal.acm.org/citation.cfm?id=1358628.1358946},
 doi = {10.1145/1358628.1358946},
 acmid = {1358946},
 publisher = {ACM},
 address = {New York, NY, USA},
 keywords = {cscw, distributed knowledge acquisition, incentive design, online games, recommender systems, reputation systems, user studies, virtual community},
}

@book{Hollis:1999:VBD:519964,
 author = {Hollis, Billy S.},
 title = {Visual Basic 6: Design, Specification, and Objects with Other},
 year = {1999},
 isbn = {0130850845},
 edition = {1st},
 publisher = {Prentice Hall PTR},
 address = {Upper Saddle River, NJ, USA},
 }


@book{Goossens:1999:LWC:553897,
 author = {Goossens, Michel and Rahtz, S. P. and Moore, Ross and Sutor, Robert S.},
 title = {The  Latex Web Companion: Integrating TEX, HTML, and XML},
 year = {1999},
 isbn = {0201433117},
 edition = {1st},
 publisher = {Addison-Wesley Longman Publishing Co., Inc.},
 address = {Boston, MA, USA},
 }

% need to test genres for errant isbn output

% techreport
@techreport{897367,
 author = {Buss, Jonathan F. and Rosenberg, Arnold L. and Knott, Judson D.},
 title = {Vertex Types in Book-Embeddings},
 year = {1987},
 source = {http://www.ncstrl.org:8900/ncstrl/servlet/search?formname=detail\&id=oai%3Ancstrlh%3Aumass_cs%3Ancstrl.umassa_cs%2F%2FUM-CS-1987-018},
 publisher = {University of Massachusetts},
 address = {Amherst, MA, USA},
 }

@techreport{Buss:1987:VTB:897367,
 author = {Buss, Jonathan F. and Rosenberg, Arnold L. and Knott, Judson D.},
 title = {Vertex Types in Book-Embeddings},
 year = {1987},
 source = {http://www.ncstrl.org:8900/ncstrl/servlet/search?formname=detail\&id=oai%3Ancstrlh%3Aumass_cs%3Ancstrl.umassa_cs%2F%2FUM-CS-1987-018},
 publisher = {University of Massachusetts},
 address = {Amherst, MA, USA},
 }

% whole proceedings

@proceedings{Czerwinski:2008:1358628,
 author = {},
 note = {General Chair-Czerwinski, Mary and General Chair-Lund, Arnie and Program Chair-Tan, Desney},
 title = {CHI '08: CHI '08 extended abstracts on Human factors in computing systems},
 year = {2008},
 isbn = {978-1-60558-012-X},
 location = {Florence, Italy},
 order_no = {608085},
 publisher = {ACM},
 address = {New York, NY, USA},
 }

% phdthesis

@phdthesis{Clarkson:1985:ACP:911891,
 author = {Clarkson, Kenneth Lee},
 advisor = {Yao, Andrew C.},
 title = {Algorithms for Closest-Point Problems (Computational Geometry)},
 year = {1985},
 note = {AAT 8506171},
 school = {Stanford University},
 address = {Stanford, CA, USA},
 }
% school is being picked up -- but not publisher (which is OK)
% Also -- the title is NOT being output in italics !!! Arrrrgh! - I fixed it. :-)


%%% compare with 'old'
%%% atsign-Phdthesis{Clarkson85,
%%%  author =       "Kenneth L. Clarkson",
%%%  year =         "1985",
%%%  title =        "Algorithms for Closest-Point Problems (Computational Geometry)",
%%%  school =       "Stanford University",
%%%  address =      "Palo Alto, CA",
%%%  note =         "UMI Order Number: AAT 8506171",
%%%  type =         "",
%%%  month =        "",
%%%}

% A bibliography
@Article{1984:1040142,
 key = {{$\!\!$}},
 journal = {SIGCOMM Comput. Commun. Rev.},
 year = {1984},
 issn = {0146-4833},
 volume = {13-14},
 number = {5-1},
 issue_date = {January/April 1984},
 publisher = {ACM},
 address = {New York, NY, USA},
 }


% grinder
@inproceedings{2004:ITE:1009386.1010128,
 key = {IEEE},
 title = {IEEE TCSC Executive Committee},
 booktitle = {Proceedings of the IEEE International Conference on Web Services},
 series = {ICWS '04},
 year = {2004},
 isbn = {0-7695-2167-3},
 pages = {21--22},
 url = {http://dx.doi.org/10.1109/ICWS.2004.64},
 doi = {http://dx.doi.org/10.1109/ICWS.2004.64},
 acmid = {1010128},
 publisher = {IEEE Computer Society},
 address = {Washington, DC, USA},
}

% div book
@book{Mullender:1993:DS:302430,
 editor = {Mullender, Sape},
 title = {Distributed systems (2nd Ed.)},
 year = {1993},
 isbn = {0-201-62427-3},
 publisher = {ACM Press/Addison-Wesley Publishing Co.},
 address = {New York, NY, USA},
 }

% master thesis (as techreport and thesis)

@techreport{Petrie:1986:NAD:899644,
 author = {Petrie, Charles J.},
 title = {New Algorithms for Dependency-Directed Backtracking (Master's thesis)},
 year = {1986},
 source = {http://www.ncstrl.org:8900/ncstrl/servlet/search?formname=detail\&id=oai%3Ancstrlh%3Autexas_cs%3AUTEXAS_CS%2F%2FAI86-33},
 publisher = {University of Texas at Austin},
 address = {Austin, TX, USA},
 }

@MASTERSTHESIS{Petrie:1986:NAD:12345,
 author = {Petrie, Charles J.},
 title = {New Algorithms for Dependency-Directed Backtracking (Master's thesis)},
 year = {1986},
 source = {http://www.ncstrl.org:8900/ncstrl/servlet/search?formname=detail\&id=oai%3Ancstrlh%3Autexas_cs%3AUTEXAS_CS%2F%2FAI86-33},
 school = {University of Texas at Austin},
 address = {Austin, TX, USA},
 }




@BOOK{book-minimal,
   author = "Donald E. Knuth",
   title = "Seminumerical Algorithms",
   publisher = "Addison-Wesley",
   year = "1981",
}

% incollection (has an editor, title, and possibly a booktitle)
@INcollection{KA:2001,
 author = {Kong, Wei-Chang},
 Title = {The implementation of electronic commerce in SMEs in Singapore (as Incoll)},
 booktitle = {E-commerce and cultural values},
 year = {2001},
 isbn = {1-59140-056-2},
 pages = {51--74},
 numpages = {24},
 url = {http://portal.acm.org/citation.cfm?id=887006.887010},
 acmid = {887010},
 publisher = {IGI Publishing},
 address = {Hershey, PA, USA},
}


% with bibfield 'type' before chapter (note no editor)
@INBOOK{KAGM:2001,
 author = {Kong, Wei-Chang},
 type = {Name of Chapter:},
 chapter = {The implementation of electronic commerce in SMEs in Singapore (Inbook-w-chap-w-type)},
 title = {E-commerce and cultural values},
 year = {2001},
 isbn = {1-59140-056-2},
 pages = {51--74},
 numpages = {24},
 url = {http://portal.acm.org/citation.cfm?id=887006.887010},
 acmid = {887010},
 publisher = {IGI Publishing},
 address = {Hershey, PA, USA},
}

@inproceedings{spangher2020augmenting,
  title={Augmenting Reinforcement Learning with a Planning Model for Optimizing Energy Demand Response},
  author={Spangher, Lucas and Gokul, Akash and Khattar, Manan and Palakapilly, Joseph and Agwan, Utkarsha and Tawade, Akaash and Spanos, Costas},
  booktitle={Proceedings of the 1st International Workshop on Reinforcement Learning for Energy Management in Buildings \& Cities},
  pages={39--42},
  year={2020}
}

@inproceedings{spangher2020prospective,
  title={Prospective experiment for reinforcement learning on demand response in a social game framework},
  author={Spangher, Lucas and Gokul, Akash and Khattar, Manan and Palakapilly, Joseph and Tawade, Akaash and Bouyamourn, Adam and Devonport, Alex and Spanos, Costas},
  booktitle={Proceedings of the Eleventh ACM International Conference on Future Energy Systems},
  pages={438--444},
  year={2020}
}

@article{konstantakopoulos2019deep,
  title={A deep learning and gamification approach to improving human-building interaction and energy efficiency in smart infrastructure},
  author={Konstantakopoulos, Ioannis C and Barkan, Andrew R and He, Shiying and Veeravalli, Tanya and Liu, Huihan and Spanos, Costas},
  journal={Applied energy},
  volume={237},
  pages={810--821},
  year={2019},
  publisher={Elsevier}
}

@article{asadinejad2018evaluation,
  title={Evaluation of residential customer elasticity for incentive based demand response programs},
  author={Asadinejad, Ailin and Rahimpour, Alireza and Tomsovic, Kevin and Qi, Hairong and Chen, Chien-fei},
  journal={Electric Power Systems Research},
  volume={158},
  pages={26--36},
  year={2018},
  publisher={Elsevier}
}

@inproceedings{johnson2015dynamic,
  title={A dynamic simulation tool for estimating demand response potential from residential loads},
  author={Johnson, Brandon J and Starke, Michael R and Abdelaziz, Omar A and Jackson, Roderick K and Tolbert, Leon M},
  booktitle={2015 IEEE Power \& Energy Society Innovative Smart Grid Technologies Conference (ISGT)},
  pages={1--5},
  year={2015},
  organization={IEEE}
}

@article{yoon2014dynamic,
  title={Dynamic demand response controller based on real-time retail price for residential buildings},
  author={Yoon, Ji Hoon and Baldick, Ross and Novoselac, Atila},
  journal={IEEE Transactions on Smart Grid},
  volume={5},
  number={1},
  pages={121--129},
  year={2014},
  publisher={IEEE}
}

@ARTICLE{8248801,
  author={Y. {Kim}},
  journal={IEEE Transactions on Industrial Informatics}, 
  title={Optimal Price Based Demand Response of HVAC Systems in Multizone Office Buildings Considering Thermal Preferences of Individual Occupants Buildings}, 
  year={2018},
  volume={14},
  number={11},
  pages={5060-5073},
  doi={10.1109/TII.2018.2790429}}

@article{spangher2019case,
  title={A case study comparison of different ownership and finance models for off grid systems in southern india},
  author={Spangher, Lucas},
  journal={Energy Procedia},
  volume={159},
  pages={472--477},
  year={2019},
  publisher={Elsevier}
}

%%% Notes! This is because the atsign-INBOOK citation type specifies EITHER
%%% editor or author, but not both. In my experiments with the harvard/dcu
%%% bibtex style (and presumably this applies to other styles too), bibtex
%%% ignores the editor information if author information exists in an
%%% atsign-INBOOK entry. atsign-INCOLLECTION is far more commonly used in my references,
%%% and in the absence of an editor I believe most bibtex styles will just
%%% ommit the editor from the reference - the chapter information will not
%%% end up in the in-text citation as you suggest it should be but at least
%%% there is a place to put the editor if necessary.



% was 'Inbook' -- changed to incollection - (editor is different to author) - need to tell Asad to codify as such.
@incollection{Kong:2002:IEC:887006.887010,
  author =      {Kong, Wei-Chang},
  editor =      {Theerasak Thanasankit},
  title =       {Chapter 9},
  booktitle =   {E-commerce and cultural values (Incoll-w-text (chap 9) 'title')},
  year =        {2002},
  address =     {Hershey, PA, USA},
  publisher =   {IGI Publishing},
  url =         {http://portal.acm.org/citation.cfm?id=887006.887010},
  pages =       {51--74},
  numpages =    {24},
  acmid =       {887010},
  isbn =        {1-59140-056-2},
  number =      "",
  type =        "",
  month =       "",
  note =        "",
}

% incol when the chapter is 'text' - due to presence of editor (different to author)
@incollection{Kong:2003:IEC:887006.887011,
 author = {Kong, Wei-Chang},
 title = {The implementation of electronic commerce in SMEs in Singapore (Incoll)},
 booktitle = {E-commerce and cultural values},
 editor = {Thanasankit, Theerasak},
 year = {2003},
 isbn = {1-59140-056-2},
 pages = {51--74},
 numpages = {24},
 url = {http://portal.acm.org/citation.cfm?id=887006.887010},
 acmid = {887010},
 publisher = {IGI Publishing},
 address = {Hershey, PA, USA},
}

% ------ test
%incollection{Kong:2003:IEC:887006.887010,
% author = {Kong, Wei-Chang},
% chapter = {The implementation of electronic commerce in SMEs in Singapore (Incoll-text-in-chap)},
% booktitle = {booktitle E-commerce and cultural values},
% title =   {The title},
% editor = {Thanasankit, Theerasak},
% year = {2003},
% isbn = {1-59140-056-2},
% pages = {51--74},
% numpages = {24},
% url = {http://portal.acm.org/citation.cfm?id=887006.887010},
% acmid = {887010},
% publisher = {IGI Publishing},
% address = {Hershey, PA, USA},
%}


% ---------





% Need inbook with num in chapter

% and inbook with number in chapter
@InBook{Kong:2004:IEC:123456.887010,
  author =      {Kong, Wei-Chang},
  editor =      {Theerasak Thanasankit},
  title =       {E-commerce and cultural values - (InBook-num-in-chap)},
  chapter =     {9},
  year =        {2004},
  address =     {Hershey, PA, USA},
  publisher =   {IGI Publishing},
  url =         {http://portal.acm.org/citation.cfm?id=887006.887010},
  pages =       {51--74},
  numpages =    {24},
  acmid =       {887010},
  isbn =        {1-59140-056-2},
  number =      "",
  type =        "",
  month =       "",
  note =        "",
}


% and inbook with text in chapter
@Inbook{Kong:2005:IEC:887006.887010,
  author =      {Kong, Wei-Chang},
  editor =      {Theerasak Thanasankit},
  title =       {E-commerce and cultural values (Inbook-text-in-chap)},
  chapter =     {The implementation of electronic commerce in SMEs in Singapore},
  year =        {2005},
  address =     {Hershey, PA, USA},
  publisher =   {IGI Publishing},
  url =         {http://portal.acm.org/citation.cfm?id=887006.887010},
  type =        {Chapter:},
  pages =       {51--74},
  numpages =    {24},
  acmid =       {887010},
  isbn =        {1-59140-056-2},
  number =      "",
  month =       "",
  note =        "",
}


% and inbook with a num and type field
@Inbook{Kong:2006:IEC:887006.887010,
  author =      {Kong, Wei-Chang},
  editor =      {Theerasak Thanasankit},
  title =       {E-commerce and cultural values (Inbook-num chap)},
  chapter =     {22},
  year =        {2006},
  address =     {Hershey, PA, USA},
  publisher =   {IGI Publishing},
  url =         {http://portal.acm.org/citation.cfm?id=887006.887010},
  type =        {Chapter (in type field)},
  pages =       {51--74},
  numpages =    {24},
  acmid =       {887010},
  isbn =        {1-59140-056-2},
  number =      "",
  month =       "",
  note =        "",
}


% and incol coz we have a BLANK chapter - due to presence of editor
%atIncollection{Kong:2006:IEC:887006.887011,
%  author =     {Kong, Wei-Chang},
%  editor =     {Theerasak Thanasankit},
%  title =      "The title"
%  booktitle =  {E-commerce and cultural values (Incol-coz-blank-chap)},
%  year =       {2006},
%  address =    {Hershey, PA, USA},
%  publisher =  {IGI Publishing},
%  url =        {http://portal.acm.org/citation.cfm?id=887006.887010},
%  type =       {Type!},
%  chapter =    {},
%  pages =      {51--74},
%  numpages =   {24},
%  acmid =      {887010},
%  isbn =       {1-59140-056-2},
%  number =     "",
%  month =      "",
%  note =       "",
%}

@article{SaeediMEJ10,
            author = {Mehdi Saeedi and Morteza Saheb Zamani and Mehdi Sedighi},
            title = {A library-based synthesis methodology for reversible logic},
            journal = {Microelectron. J.},
            volume = {41},
            number = {4},
            month = apr,
            year = {2010},
            pages = {185--194},
}

@ARTICLE{SaeediJETC10,
            author = {Mehdi Saeedi and Morteza Saheb Zamani and Mehdi Sedighi and Zahra Sasanian},
            title = {Synthesis of Reversible Circuit Using Cycle-Based Approach},
            journal = {J. Emerg. Technol. Comput. Syst.},
            volume = {6},
            number = {4},
            month = dec,
            year = {2010}
            }

% Asad's new version
@article{Kirschmer:2010:AEI:1958016.1958018,
 author = {Kirschmer, Markus and Voight, John},
 title = {Algorithmic Enumeration of Ideal Classes for Quaternion Orders},
 journal = {SIAM J. Comput.},
 issue_date = {January 2010},
 volume = {39},
 number = {5},
 month = jan,
 year = {2010},
 issn = {0097-5397},
 pages = {1714--1747},
 numpages = {34},
 url = {http://dx.doi.org/10.1137/080734467},
 doi = {https://doi.org/10.1137/080734467},
 acmid = {1958018},
 publisher = {Society for Industrial and Applied Mathematics},
 address = {Philadelphia, PA, USA},
 keywords = {ideal classes, maximal orders, number theory, quaternion algebras},
}


% incol due to presence of booktitle
@incollection{Hoare:1972:CIN:1243380.1243382,
 author = {Hoare, C. A. R.},
 title = {Chapter II: Notes on data structuring},
 booktitle = {Structured programming (incoll)},
 editor = {Dahl, O. J. and Dijkstra, E. W. and Hoare, C. A. R.},
 year = {1972},
 isbn = {0-12-200550-3},
 pages = {83--174},
 numpages = {92},
 url = {http://portal.acm.org/citation.cfm?id=1243380.1243382},
 acmid = {1243382},
 publisher = {Academic Press Ltd.},
 address = {London, UK, UK},
}

% incol due to presence of booktitle
@incollection{Lee:1978:TQA:800025.1198348,
 author = {Lee, Jan},
 title = {Transcript of question and answer session},
 booktitle = {History of programming languages I (incoll)},
 editor = {Wexelblat, Richard L.},
 year = {1981},
 isbn = {0-12-745040-8},
 pages = {68--71},
 numpages = {4},
 url = {http://doi.acm.org/10.1145/800025.1198348},
 doi = {http://doi.acm.org/10.1145/800025.1198348},
 acmid = {1198348},
 publisher = {ACM},
 address = {New York, NY, USA},
}

% incol due to booktitle
@incollection{Dijkstra:1979:GSC:1241515.1241518,
 author = {Dijkstra, E.},
 title = {Go to statement considered harmful},
 booktitle = {Classics in software engineering (incoll)},
 year = {1979},
 isbn = {0-917072-14-6},
 pages = {27--33},
 numpages = {7},
 url = {http://portal.acm.org/citation.cfm?id=1241515.1241518},
 acmid = {1241518},
 publisher = {Yourdon Press},
 address = {Upper Saddle River, NJ, USA},
}

% incol due to booktitle
@incollection{Wenzel:1992:TVA:146022.146089,
 author = {Wenzel, Elizabeth M.},
 title = {Three-dimensional virtual acoustic displays},
 booktitle = {Multimedia interface design (incoll)},
 year = {1992},
 isbn = {0-201-54981-6},
 pages = {257--288},
 numpages = {32},
 url = {http://portal.acm.org/citation.cfm?id=146022.146089},
 doi = {10.1145/146022.146089},
 acmid = {146089},
 publisher = {ACM},
 address = {New York, NY, USA},
}

% incol due to booktitle
@incollection{Mumford:1987:MES:54905.54911,
 author = {Mumford, E.},
 title = {Managerial expert systems and organizational change: some critical research issues},
 booktitle = {Critical issues in information systems research (incoll)},
 year = {1987},
 isbn = {0-471-91281-6},
 pages = {135--155},
 numpages = {21},
 url = {http://portal.acm.org/citation.cfm?id=54905.54911},
 acmid = {54911},
 publisher = {John Wiley \& Sons, Inc.},
 address = {New York, NY, USA},
}

@book{McCracken:1990:SSC:575315,
 author = {McCracken, Daniel D. and Golden, Donald G.},
 title = {Simplified Structured COBOL with Microsoft/MicroFocus COBOL},
 year = {1990},
 isbn = {0471514071},
 publisher = {John Wiley \& Sons, Inc.},
 address = {New York, NY, USA},
}

% Let's include Boris / BBeeton entries  (multi-volume works)

@book {MR781537,
    AUTHOR = {H{\"o}rmander, Lars},
     TITLE = {The analysis of linear partial differential operators. {III}},
    SERIES = {Grundlehren der Mathematischen Wissenschaften [Fundamental
              Principles of Mathematical Sciences]},
    VOLUME = {275},
      NOTE = {Pseudodifferential operators},
PUBLISHER = {Springer-Verlag},
   ADDRESS = {Berlin, Germany},
      YEAR = {1985},
     PAGES = {viii+525},
      ISBN = {3-540-13828-5},
   MRCLASS = {35-02 (35Sxx 47G05 58G15)},
  MRNUMBER = {781536 (87d:35002a)},
MRREVIEWER = {Min You Qi},
}

@book {MR781536,
    AUTHOR = {H{\"o}rmander, Lars},
     TITLE = {The analysis of linear partial differential operators. {IV}},
    SERIES = {Grundlehren der Mathematischen Wissenschaften [Fundamental
              Principles of Mathematical Sciences]},
    VOLUME = {275},
      NOTE = {Fourier integral operators},
PUBLISHER = {Springer-Verlag},
   ADDRESS = {Berlin, Germany},
      YEAR = {1985},
     PAGES = {vii+352},
      ISBN = {3-540-13829-3},
   MRCLASS = {35-02 (35Sxx 47G05 58G15)},
  MRNUMBER = {781537 (87d:35002b)},
MRREVIEWER = {Min You Qi},
}

%%%%%%%%%%%%%%%%%%%%%% Start of Aptara sample bib entries

% acmsmall-sam.bib
@InProceedings{Adya-01,
  author        = {A. Adya and P. Bahl and J. Padhye and A.Wolman and L. Zhou},
  title         = {A multi-radio unification protocol for {IEEE} 802.11 wireless networks},
  booktitle     = {Proceedings of the IEEE 1st International Conference on Broadnets Networks (BroadNets'04)},
  publisher     = "IEEE",
  address       = "Los Alamitos, CA",
  year          = {2004},
  pages         = "210--217"
}

@article{Akyildiz-01,
  author        = {I. F. Akyildiz and W. Su and Y. Sankarasubramaniam and E. Cayirci},
  title         = {Wireless Sensor Networks: A Survey},
  journal       = {Comm. ACM},
  volume        = 38,
  number        = "4",
  year          = {2002},
  pages         = "393--422"
}

@article{Akyildiz-02,
  author        = {I. F. Akyildiz and T. Melodia and K. R. Chowdhury},
  title         = {A Survey on Wireless Multimedia Sensor Networks},
  journal       = {Computer Netw.},
  volume        = 51,
  number        = "4",
  year          = {2007},
  pages         = "921--960"
}

@InProceedings{Bahl-02,
  author        = {P. Bahl and R. Chancre and J. Dungeon},
  title         = {{SSCH}: Slotted Seeded Channel Hopping for Capacity Improvement in {IEEE} 802.11 Ad-Hoc Wireless Networks},
  booktitle     = {Proceeding of the 10th International Conference on Mobile Computing and Networking (MobiCom'04)},
  publisher     = "ACM",
  address       = "New York, NY",
  year          = {2004},
  pages         = "112--117"
}

@misc{CROSSBOW,
  key       = {CROSSBOW},
  title     = {{XBOW} Sensor Motes Specifications},
  note      = {http://www.xbow.com},
  year      = 2008
}

@article{Culler-01,
  author        = {D. Culler and D. Estrin and M. Srivastava},
  title         = {Overview of Sensor Networks},
  journal       = {IEEE Comput.},
  volume        = 37,
  number        = "8 (Special Issue on Sensor Networks)",
  publisher     = "IEEE",
  address       = "Los Alamitos, CA",
  year          = {2004},
  pages         = "41--49"
}

@misc{Harvard-01,
    key         = {Harvard CodeBlue},
    title       = {{CodeBlue}: Sensor Networks for Medical Care},
    note        = {http://www.eecs.harvard.edu/mdw/ proj/codeblue/},
    year        = 2008
}

@InProceedings{Natarajan-01,
    author      = {A. Natarajan and M. Motani and B. de Silva and K. Yap and K. C. Chua},
    title       = {Investigating Network Architectures for Body Sensor Networks},
    booktitle   = {Network Architectures},
    editor      = {G. Whitcomb and P. Neece},
    publisher   = "Keleuven Press",
    address     = "Dayton, OH",
    year        = {2007},
    pages       = "322--328",
    eprint      = "960935712",
    primaryclass = "cs",
}

@techreport{Tzamaloukas-01,
  author        = {A. Tzamaloukas and J. J. Garcia-Luna-Aceves},
  title         = {Channel-Hopping Multiple Access},
  number =        {I-CA2301},
  institution =   {Department of Computer Science, University of California},
  address =       {Berkeley, CA},
  year          = {2000}
}

@BOOK{Zhou-06,
  author        = {G. Zhou and J. Lu and C.-Y. Wan and M. D. Yarvis and J. A. Stankovic},
  title         = {Body Sensor Networks},
  publisher     = "MIT Press",
  address       = "Cambridge, MA",
  year          = {2008}
}

@mastersthesis{ko94,
author = "Jacob Kornerup",
title = "Mapping Powerlists onto Hypercubes",
school = "The University of Texas at Austin",
note = "(In preparation)",
year = "1994"}
%month = "dec",}

@PhdThesis{gerndt:89,
  author =       "Michael Gerndt",
  title =        "Automatic Parallelization for Distributed-Memory
                  Multiprocessing Systems",
  school =       "University of Bonn",
  year =         1989,
  address =      "Bonn, Germany",
  month =        dec
}

@article{6:1:1,
author = "J. E. {Archer, Jr.} and R. Conway and F. B. Schneider",
title = "User recovery and reversal in interactive systems",
journal = "ACM Trans. Program. Lang. Syst.",
volume =  "6",
number = "1",
month = jan,
year = 1984,
pages = "1--19"}

@article{7:1:137,
author = "D. D. Dunlop and V. R. Basili",
title = "Generalizing specifications for uniformly implemented loops",
journal = "ACM Trans. Program. Lang. Syst.",
volume =  "7",
number = "1",
month = jan,
year = 1985,
pages = "137--158"}

@article{7:2:183,
author = "J. Heering and P. Klint",
title = "Towards monolingual programming environments",
journal = "ACM Trans. Program. Lang. Syst.",
volume =  "7",
number = "2",
month = apr,
year = 1985,
pages = "183--213"}

@book{knuth:texbook,
author = "Donald E. Knuth",
title = "The {\TeX{}book}",
publisher = "Addison-Wesley",
address = "Reading, MA.",
year = 1984}

@article{6:3:380,
author = "E. Korach and D.  Rotem and N. Santoro",
title = "Distributed algorithms for finding centers and medians in networks",
journal = "ACM Trans. Program. Lang. Syst.",
volume =  "6",
number = "3",
month = jul,
year = 1984,
pages = "380--401"}

@book{Lamport:LaTeX,
author = "Leslie Lamport",
title = "\it {\LaTeX}: A Document Preparation System",
publisher = "Addison-Wesley",
address = "Reading, MA.",
year = 1986}

@article{7:3:359,
author = "F. Nielson",
title = "Program transformations in a denotational setting",
journal = "ACM Trans. Program. Lang. Syst.",
volume =  "7",
number = "3",
month = jul,
year = 1985,
pages = "359--379"}

%testing
@BOOK{test,
   author = "Donald E. Knuth",
   title = "Seminumerical Algorithms",
   volume = 2,
   series = "The Art of Computer Programming",
   publisher = "Addison-Wesley",
   address = "Reading, MA",
   edition = "2nd",
   month = "10~" # jan,
   year = "1981",
}

@inproceedings{reid:scribe,
author = "Brian K. Reid",
title = "A high-level approach to computer document formatting",
booktitle = "Proceedings of the 7th Annual Symposium on Principles of
  Programming Languages",
month = jan,
year = 1980,
publisher = "ACM",
address = "New York",
pages = "24--31"}

@article{Zhou:2010:MMS:1721695.1721705,
 author = {Zhou, Gang and Wu, Yafeng and Yan, Ting and He, Tian and Huang, Chengdu and Stankovic, John A. and Abdelzaher, Tarek F.},
 title = {A multifrequency MAC specially designed for wireless sensor network applications},
 journal = {ACM Trans. Embed. Comput. Syst.},
 issue_date = {March 2010},
 volume = 9,
 number = 4,
 month = {April},
 year = 2010,
 issn = {1539-9087},
 pages = {39:1--39:41},
 articleno = 39,
 numpages = 41,
 url = {http://doi.acm.org/10.1145/1721695.1721705},
 doi = {10.1145/1721695.1721705},
 acmid = 1721705,
 publisher = {ACM},
 address = {New York, NY, USA},
 keywords = {Wireless sensor networks, media access control, multi-channel, radio interference, time synchronization},
}


@online{TUGInstmem,
  key =          {TUG},
  year  =        2017,
  title =        "Institutional members of the {\TeX} Users Group",
  url =          "http://wwtug.org/instmem.html",
  lastaccessed = "May 27, 2017",
}

@online{CTANacmart,
  author =    {Boris Veytsman},
  title =  {acmart---{C}lass for typesetting publications of {ACM}},
  url =    {http://www.ctan.org/pkg/acmart},
  lastaccessed = {May 27, 2017}
  }

@ARTICLE{bowman:reasoning,
    author = {Bowman, Mic and Debray, Saumya K. and Peterson, Larry L.},
    title = {Reasoning About Naming Systems},
    journal = {ACM Trans. Program. Lang. Syst.},
    volume = {15},
    number = {5},
    pages = {795-825},
    month = {November},
    year = {1993},
    doi = {10.1145/161468.161471},
}

@ARTICLE{braams:babel,
    author = {Braams, Johannes},
    title = {Babel, a Multilingual Style-Option System for Use with LaTeX's Standard Document Styles},
    journal = {TUGboat},
    volume = {12},
    number = {2},
    pages = {291-301},
    month = {June},
    year = {1991},
}

@INPROCEEDINGS{clark:pct,
  AUTHOR = "Malcolm Clark",
  TITLE = "Post Congress Tristesse",
  BOOKTITLE = "TeX90 Conference Proceedings",
  PAGES = "84-89",
  ORGANIZATION = "TeX Users Group",
  MONTH = "March",
  YEAR = {1991}
}

@ARTICLE{herlihy:methodology,
    author = {Herlihy, Maurice},
    title = {A Methodology for Implementing Highly Concurrent Data Objects},
    journal = {ACM Trans. Program. Lang. Syst.},
    volume = {15},
    number = {5},
    pages = {745-770},
    month = {November},
    year = {1993},
    doi = {10.1145/161468.161469},
}

@BOOK{salas:calculus,
  AUTHOR = "S.L. Salas and Einar Hille",
  TITLE = "Calculus: One and Several Variable",
  PUBLISHER = "John Wiley and Sons",
  ADDRESS = "New York",
  YEAR = "1978"
}

@MANUAL{Fear05,
  title =        {Publication quality tables in {\LaTeX}},
  author =       {Simon Fear},
  month =        {April},
  year =         2005,
  note =         {\url{http://www.ctan.org/pkg/booktabs}}
}

@Manual{Amsthm15,
  title =        {Using the amsthm Package},
  organization = {American Mathematical Society},
  month =        {April},
  year =         2015,
  note =         {\url{http://www.ctan.org/pkg/amsthm}}
}

@ArtifactSoftware{R,
    title = {R: A Language and Environment for Statistical Computing},
    author = {{R Core Team}},
    organization = {R Foundation for Statistical Computing},
    address = {Vienna, Austria},
    year = {2019},
    url = {https://www.R-project.org/},
}

@ArtifactDataset{UMassCitations,
 author    =  {Sam Anzaroot and Andrew McCallum},
 title     =  {{UMass} Citation Field Extraction Dataset},
 year      = 2013,
 url       =
    {http://www.iesl.cs.umass.edu/data/data-umasscitationfield},
 lastaccessed = {May 27, 2019}
}

@Eprint{Bornmann2019,
       author = {Bornmann, Lutz and Wray, K. Brad and Haunschild,
                  Robin},
        title = {Citation concept analysis {(CCA)}---A new form of
                  citation analysis revealing the usefulness of
                  concepts for other researchers illustrated by two
                  exemplary case studies including classic books by
                  {Thomas S.~Kuhn} and {Karl R.~Popper}},
     keywords = {Computer Science - Digital Libraries},
         year = 2019,
        month = "May",
          eid = {arXiv:1905.12410},
archivePrefix = {arXiv},
       eprint = {1905.12410},
 primaryClass = {cs.DL},
}

@Eprint{AnzarootPBM14,
  author    = {Sam Anzaroot and
               Alexandre Passos and
               David Belanger and
               Andrew McCallum},
  title     = {Learning Soft Linear Constraints with Application to
                  Citation Field Extraction},
  year      = {2014},
  archivePrefix = {arXiv},
  eprint    = {1403.1349},
}

@inproceedings{Hagerup1993,
title        = {Maintaining Discrete Probability Distributions Optimally},
author       = {Hagerup, Torben and Mehlhorn, Kurt and Munro, J. Ian},
booktitle    = {Proceedings of the 20th International Colloquium on Automata, Languages and Programming},
series       = {Lecture Notes in Computer Science},
volume       = {700},
pages        = {253--264},
year         = {1993},
publisher    = {Springer-Verlag},
address      = {Berlin},
}

@article{VAZQUEZCANTELI20191072,
title = {Reinforcement learning for demand response: A review of algorithms and modeling techniques},
journal = {Applied Energy},
volume = {235},
pages = {1072-1089},
year = {2019},
issn = {0306-2619},
doi = {https://doi.org/10.1016/j.apenergy.2018.11.002},
url = {https://www.sciencedirect.com/science/article/pii/S0306261918317082},
author = {JosÃ© R. VÃ¡zquez-Canteli and ZoltÃ¡n Nagy},
keywords = {Machine learning, Deep learning, HVAC control, Building energy, Electric vehicles, Smart grid}}


@book{sutton2018reinforcement,
  title={Reinforcement learning: An introduction},
  author={Sutton, Richard S and Barto, Andrew G},
  year={2018},
  publisher={MIT press}
}

@article{mnih2013playing,
  title={Playing atari with deep reinforcement learning},
  author={Mnih, Volodymyr and Kavukcuoglu, Koray and Silver, David and Graves, Alex and Antonoglou, Ioannis and Wierstra, Daan and Riedmiller, Martin},
  journal={arXiv preprint arXiv:1312.5602},
  year={2013}
}

@article{tesauro1994td,
  title={TD-Gammon, a self-teaching backgammon program, achieves master-level play},
  author={Tesauro, Gerald},
  journal={Neural computation},
  volume={6},
  number={2},
  pages={215--219},
  year={1994},
  publisher={MIT Press}
}

@article{KOFINAS201853,
title = {Fuzzy Q-Learning for multi-agent decentralized energy management in microgrids},
journal = {Applied Energy},
volume = {219},
pages = {53-67},
year = {2018},
issn = {0306-2619},
doi = {https://doi.org/10.1016/j.apenergy.2018.03.017},
url = {https://www.sciencedirect.com/science/article/pii/S0306261918303465},
author = {P. Kofinas and A.I. Dounis and G.A. Vouros},
keywords = {Energy management, Reinforcement learning (RL), Fuzzy Q-Learning, Multi-agent system (MAS), Microgrid},
}

@article{en10111846,
AUTHOR = {Mbuwir, Brida V. and Ruelens, Frederik and Spiessens, Fred and Deconinck, Geert},
TITLE = {Battery Energy Management in a Microgrid Using Batch Reinforcement Learning},
JOURNAL = {Energies},
VOLUME = {10},
YEAR = {2017},
NUMBER = {11},
ARTICLE-NUMBER = {1846},
URL = {https://www.mdpi.com/1996-1073/10/11/1846},
ISSN = {1996-1073},
}

@article{pudjianto2007virtual,
  title={Virtual power plant and system integration of distributed energy resources},
  author={Pudjianto, Danny and Ramsay, Charlotte and Strbac, Goran},
  journal={IET Renewable Power Generation},
  volume={1},
  number={1},
  pages={10--16},
  year={2007},
  publisher={IET}
}
@article{asmus2010microgrids,
  title={Microgrids, virtual power plants and our distributed energy future},
  author={Asmus, Peter},
  journal={The Electricity Journal},
  volume={23},
  number={10},
  pages={72--82},
  year={2010},
  publisher={Elsevier}
}
@article{zamani2016day,
  title={Day-ahead resource scheduling of a renewable energy based virtual power plant},
  author={Zamani, Ali Ghahgharaee and Zakariazadeh, Alireza and Jadid, Shahram},
  journal={Applied Energy},
  volume={169},
  pages={324--340},
  year={2016},
  publisher={Elsevier}
}

@article{nordman_christensen_2013, 
title={Local power distribution with nanogrids}, 
DOI={10.1109/igcc.2013.6604464}, 
journal={2013 International Green Computing Conference Proceedings}, 
author={Nordman, Bruce and Christensen, Ken}, 
year={2013},
}

@article{berman03cpmatrices,
  title={Completely Positive Matrices},
  author={A. Berman and N. Shaked-Monderer},
  year={2003},
}
@article{parag2016electricity,
  title={Electricity market design for the prosumer era},
  author={Parag, Yael and Sovacool, Benjamin K},
  journal={Nature energy},
  volume={1},
  number={4},
  pages={16032},
  year={2016},
  publisher={Nature Publishing Group}
}

@article{zhang2017simulation,
  title={A simulation-based policy improvement method for joint-operation of building microgrids with distributed solar power and battery},
  author={Zhang, Yuanming and Jia, Qing-Shan},
  journal={IEEE Transactions on Smart Grid},
  volume={9},
  number={6},
  pages={6242--6252},
  year={2017},
  publisher={IEEE}
}

@inproceedings{saad2011coalitional,
  title={Coalitional game theory for cooperative micro-grid distribution networks},
  author={Saad, Walid and Han, Zhu and Poor, H Vincent},
  booktitle={2011 IEEE international conference on communications workshops (ICC)},
  pages={1--5},
  year={2011},
  organization={IEEE}
}

@article{wang2016incentivizing,
  title={Incentivizing energy trading for interconnected microgrids},
  author={Wang, Hao and Huang, Jianwei},
  journal={IEEE Transactions on Smart Grid},
  volume={9},
  number={4},
  pages={2647--2657},
  year={2016},
  publisher={IEEE}
}

@misc{OpenEI,
  author = {OpenEI},
  title = {Time of Use pricing},
  year = 2017,
  url = {https://openei.org/apps/USURDB/rate/view/5cbf78b25457a34e40671081#3__Energy},
  urldate = {2017-05-02}
}

@article{miller2017building,
  title={The Building Data Genome Project: An open, public data set from non-residential building electrical meters},
  author={Miller, Clayton and Meggers, Forrest},
  journal={Energy Procedia},
  volume={122},
  pages={439--444},
  year={2017},
  publisher={Elsevier}
}

@article{faqiry2016double,
  title={Double-sided energy auction in microgrid: Equilibrium under price anticipation},
  author={Faqiry, M Nazif and Das, Sanjoy},
  journal={IEEE Access},
  volume={4},
  pages={3794--3805},
  year={2016},
  publisher={IEEE}
}


@article{zhang2014fair,
  title={Fair cost distribution among smart homes with microgrid},
  author={Zhang, Di and Liu, Songsong and Papageorgiou, Lazaros G},
  journal={Energy Conversion and Management},
  volume={80},
  pages={498--508},
  year={2014},
  publisher={Elsevier}
}

@article{ma2015cooperative,
  title={A cooperative demand response scheme using punishment mechanism and application to industrial refrigerated warehouses},
  author={Ma, Kai and Hu, Guoqiang and Spanos, Costas J},
  journal={IEEE Transactions on Industrial Informatics},
  volume={11},
  number={6},
  pages={1520--1531},
  year={2015},
  publisher={IEEE}
}

@inproceedings{jia2013retail,
  title={Retail pricing for stochastic demand with unknown parameters: An online machine learning approach},
  author={Jia, Liyan and Zhao, Qing and Tong, Lang},
  booktitle={2013 51st Annual Allerton Conference on Communication, Control, and Computing (Allerton)},
  pages={1353--1358},
  year={2013},
  organization={IEEE}
}

@article{kim2016online,
  title={An online convex optimization approach to real-time energy pricing for demand response},
  author={Kim, Seung-Jun and Giannakis, Geogios B},
  journal={IEEE Transactions on Smart Grid},
  volume={8},
  number={6},
  pages={2784--2793},
  year={2016},
  publisher={IEEE}
}

@article{samadi2012advanced,
  title={Advanced demand side management for the future smart grid using mechanism design},
  author={Samadi, Pedram and Mohsenian-Rad, Hamed and Schober, Robert and Wong, Vincent WS},
  journal={IEEE Transactions on Smart Grid},
  volume={3},
  number={3},
  pages={1170--1180},
  year={2012},
  publisher={IEEE}
}

@article{xiao2018reinforcement,
  title={Reinforcement learning-based energy trading for microgrids},
  author={Xiao, Liang and Xiao, Xingyu and Dai, Canhuang and Pengy, Mugen and Wang, Lichun and Poor, H Vincent},
  journal={arXiv preprint arXiv:1801.06285},
  year={2018}
}

@article{wang2015hierarchical,
  title={On hierarchical power scheduling for the macrogrid and cooperative microgrids},
  author={Wang, Yu and Mao, Shiwen and Nelms, R Mark},
  journal={IEEE Transactions on Industrial Informatics},
  volume={11},
  number={6},
  pages={1574--1584},
  year={2015},
  publisher={IEEE}
}

@article{prete2016cooperative,
  title={A cooperative game theoretic analysis of incentives for microgrids in regulated electricity markets},
  author={Prete, Chiara Lo and Hobbs, Benjamin F},
  journal={Applied energy},
  volume={169},
  pages={524--541},
  year={2016},
  publisher={Elsevier}
}

@article{sandgani2017priority,
  title={Priority-based microgrid energy management in a network environment},
  author={Sandgani, Mohsen Rafiee and Sirouspour, Shahin},
  journal={IEEE Transactions on Sustainable Energy},
  volume={9},
  number={2},
  pages={980--990},
  year={2017},
  publisher={IEEE}
}

@article{janko2018scalable,
  title={Scalable multi-agent microgrid negotiations for a transactive energy market},
  author={Janko, Samantha A and Johnson, Nathan G},
  journal={Applied energy},
  volume={229},
  pages={715--727},
  year={2018},
  publisher={Elsevier}
}

@inproceedings{rose2011mechanism,
  title={Mechanism design for aggregated demand prediction in the smart grid},
  author={Rose, Harry Thomas and Rogers, Alex and Gerding, Enrico H},
  booktitle={Workshops at the Twenty-Fifth AAAI Conference on Artificial Intelligence},
  year={2011}
}

@inproceedings{li2018integrating,
  title={Integrating Demand Response and Renewable Energy In Wholesale Market.},
  author={Li, Chaojie and Liu, Chen and Yu, Xinghuo and Deng, Ke and Huang, Tingwen and Liu, Liangchen},
  booktitle={IJCAI},
  pages={382--388},
  year={2018}
}

@inproceedings{voice2011decentralised,
  title={Decentralised control of micro-storage in the smart grid},
  author={Voice, Thomas and Vytelingum, Perukrishnen and Ramchurn, Sarvapali and Rogers, Alex and Jennings, Nicholas},
  booktitle={Twenty-Fifth AAAI Conference on Artificial Intelligence},
  year={2011}
}

@article{eddy2014multi,
  title={Multi-agent system for distributed management of microgrids},
  author={Eddy, YS Foo and Gooi, Hoay Beng and Chen, Shuai Xun},
  journal={IEEE Transactions on power systems},
  volume={30},
  number={1},
  pages={24--34},
  year={2014},
  publisher={IEEE}
}

@article{khan2016multi,
  title={Multi-agent based distributed control architecture for microgrid energy management and optimization},
  author={Khan, M Reyasudin Basir and Jidin, Razali and Pasupuleti, Jagadeesh},
  journal={Energy Conversion and Management},
  volume={112},
  pages={288--307},
  year={2016},
  publisher={Elsevier}
}

@inproceedings{colson2011algorithms,
  title={Algorithms for distributed decision-making for multi-agent microgrid power management},
  author={Colson, Christopher M and Nehrir, M Hashem},
  booktitle={2011 IEEE Power and Energy Society General Meeting},
  pages={1--8},
  year={2011},
  organization={IEEE}
}

@article{sinha2017review,
  title={A review on bilevel optimization: From classical to evolutionary approaches and applications},
  author={Sinha, Ankur and Malo, Pekka and Deb, Kalyanmoy},
  journal={IEEE Transactions on Evolutionary Computation},
  volume={22},
  number={2},
  pages={276--295},
  year={2017},
  publisher={IEEE}
}

@article{liu2017energy,
  title={Energy-sharing model with price-based demand response for microgrids of peer-to-peer prosumers},
  author={Liu, Nian and Yu, Xinghuo and Wang, Cheng and Li, Chaojie and Ma, Li and Lei, Jinyong},
  journal={IEEE Transactions on Power Systems},
  volume={32},
  number={5},
  pages={3569--3583},
  year={2017},
  publisher={IEEE}
}

@misc{california_iso,
title={California ISO market processes and products}, 
url={http://www.caiso.com/market/Pages/MarketProcesses.aspx}, 
journal={California ISO - Market Processes}}

@article{hao2016transactive,
  title={Transactive control of commercial buildings for demand response},
  author={Hao, He and Corbin, Charles D and Kalsi, Karanjit and Pratt, Robert G},
  journal={IEEE Transactions on Power Systems},
  volume={32},
  number={1},
  pages={774--783},
  year={2016},
  publisher={IEEE}
}

@article{sandgani2016energy,
  title={Energy management in a network of grid-connected microgrids/nanogrids using compromise programming},
  author={Sandgani, Mohsen Rafiee and Sirouspour, Shahin},
  journal={IEEE Transactions on Smart Grid},
  volume={9},
  number={3},
  pages={2180--2191},
  year={2016},
  publisher={IEEE}
}
@article{hossain2014microgrid,
  title={Microgrid testbeds around the world: State of art},
  author={Hossain, Eklas and Kabalci, Ersan and Bayindir, Ramazan and Perez, Ronald},
  journal={Energy Conversion and Management},
  volume={86},
  pages={132--153},
  year={2014},
  publisher={Elsevier}
}

@misc{time-of-use,
author={Pacific Gas and Electric},
title={Learn what time-of-use rate plans mean for your business}, url={https://www.pge.com/en_US/small-medium-business/your-account/rates-and-rate-options/time-of-use-rates.page}, 
journal={Time-of-Use rate plans}, year={2019}}

@misc{nrel, author = {National Renewable Energy Laboratory},title={{NREL} and {HPE} Team Up to Apply {AI} for Efficient Data Center Operations}, url={http://www.nrel.gov/}, journal={NREL}, year={2019}}

@article{nguyen2014review,
  title={A review on simulation-based optimization methods applied to building performance analysis},
  author={Nguyen, Anh-Tuan and Reiter, Sigrid and Rigo, Philippe},
  journal={Applied Energy},
  volume={113},
  pages={1043--1058},
  year={2014},
  publisher={Elsevier}
}
@article{karush1939minima,
  title={Minima of functions of several variables with inequalities as side constraints},
  author={Karush, William},
  journal={M. Sc. Dissertation. Dept. of Mathematics, Univ. of Chicago},
  year={1939}
}

@inproceedings{henriquez2018sharing,
  title={The Sharing Economy for Residential Solar Generation},
  author={Henriquez-Auba, Rodrigo and Pauli, Patricia and Kalathil, Dileep and Callaway, Duncan S and Poolla, Kameshwar},
  booktitle={2018 IEEE Conference on Decision and Control (CDC)},
  pages={7322--7329},
  year={2018},
  organization={IEEE}
}
@article{rolnick2019tackling,
  title={Tackling Climate Change with Machine Learning},
  author={Rolnick, David and Donti, Priya L and Kaack, Lynn H and Kochanski, Kelly and Lacoste, Alexandre and Sankaran, Kris and Ross, Andrew Slavin and Milojevic-Dupont, Nikola and Jaques, Natasha and Waldman-Brown, Anna and others},
  journal={arXiv preprint arXiv:1906.05433},
  year={2019}
}
@misc{pv-cost,
title={PV System Costs},
author={Matasci, Sara and energysage.com},
 url={https://news.energysage.com/much-4000-watt-4-kw-solar-system-cost/},
year={2019}}

@misc{tesla-cost, title={Tesla Powerwall cost}, author={Tesla},url = {https://www.tesla.com/powerwall}}

@misc{pvwatts, author = {National Renewable Energy Laboratory},title={{NREL} {PVW}atts Calculator Tool}, url={https://pvwatts.nrel.gov}}

@ARTICLE{scipy,
       author = {{Virtanen}, Pauli and {Gommers}, Ralf and {Oliphant},
         Travis E. and {Haberland}, Matt and {Reddy}, Tyler and
         {Cournapeau}, David and {Burovski}, Evgeni and {Peterson}, Pearu
         and {Weckesser}, Warren and {Bright}, Jonathan and {van der Walt},
         St{\'e}fan J.  and {Brett}, Matthew and {Wilson}, Joshua and
         {Jarrod Millman}, K.  and {Mayorov}, Nikolay and {Nelson}, Andrew
         R.~J. and {Jones}, Eric and {Kern}, Robert and {Larson}, Eric and
         {Carey}, CJ and {Polat}, {\.I}lhan and {Feng}, Yu and {Moore},
         Eric W. and {Vand erPlas}, Jake and {Laxalde}, Denis and
         {Perktold}, Josef and {Cimrman}, Robert and {Henriksen}, Ian and
         {Quintero}, E.~A. and {Harris}, Charles R and {Archibald}, Anne M.
         and {Ribeiro}, Ant{\^o}nio H. and {Pedregosa}, Fabian and
         {van Mulbregt}, Paul and {Contributors}, SciPy 1. 0},
        title = "{SciPy 1.0--Fundamental Algorithms for Scientific
                  Computing in Python}",
      journal = {arXiv e-prints},
         year = "2019",
        month = "Jul",
          eid = {arXiv:1907.10121},
        pages = {arXiv:1907.10121},
archivePrefix = {arXiv},
       eprint = {1907.10121},
 primaryClass = {cs.MS},
       adsurl = {https://ui.adsabs.harvard.edu/abs/2019arXiv190710121V},
      adsnote = {Provided by the SAO/NASA Astrophysics Data System}
}

@article{sandgani2017coordinated,
  title={Coordinated optimal dispatch of energy storage in a network of grid-connected microgrids},
  author={Sandgani, Mohsen Rafiee and Sirouspour, Shahin},
  journal={IEEE Transactions on Sustainable Energy},
  volume={8},
  number={3},
  pages={1166--1176},
  year={2017},
  publisher={IEEE}
}

@book{hwang2012multiple,
  title={Multiple objective decision making—methods and applications: a state-of-the-art survey},
  author={Hwang, C-L and Masud, Abu Syed Md},
  volume={164},
  year={2012},
  publisher={Springer Science \& Business Media}
}

@misc{bnef-battery,
title={Lithium-Ion Battery Costs and Market},
author={Curry, Claire},
 url={data.bloomberglp.com/bnef/sites/14/2017/07/BNEF-Lithium-ion-battery-costs-and-market.pdf},
 publisher={Bloomberg New Energy Finance},
year={2017}}

@techreport{neubauer2015identifying,
  title={Identifying and overcoming critical barriers to widespread second use of PEV batteries},
  author={Neubauer, Jeremy and Smith, Kandler and Wood, Eric and Pesaran, Ahmed},
  year={2015},
  institution={National Renewable Energy Lab.(NREL), Golden, CO (United States)}
}

@inproceedings{macal2005tutorial,
  title={Tutorial on agent-based modeling and simulation},
  author={Macal, Charles M and North, Michael J},
  booktitle={Proceedings of the Winter Simulation Conference, 2005.},
  pages={14--pp},
  year={2005},
  organization={IEEE}
}

@misc{khemani1993glossary,
  title={Glossary of industrial organisation economics and competition law, compiled by RS Khemani, \& DM Shapiro, commissioned by the Directorate for Financial, Fiscal and Enterprise Affairs},
  author={Khemani, RS},
  year={1993},
  publisher={OECD}
}

@misc{virtual-net-metering,
title={What is Virtual Net Metering and who is it for?},
author={Sendy, Andrew},
 url={https://www.solar-estimate.org/news/what-is-virtual-net-metering-and-who-is-it-for},
 publisher={Solar-Estimate},
year={2019}}

@book{gossen1854entwickelung,
  title={Entwickelung der Gesetze des menschlichen Verkehrs, und der daraus flie{\ss}enden Regeln f{\"u}r menschliches Handeln},
  author={Gossen, Hermann Heinrich},
  year={1854},
  publisher={Friedrich Vieweg und Sohn}
}

@article{levin2006choice,
  title={Choice under uncertainty},
  author={Levin, Jonathan},
  journal={Lecture Notes},
  volume={2},
  year={2006}
}

@article{konstantakopoulos2017robust,
  title={A robust utility learning framework via inverse optimization},
  author={Konstantakopoulos, Ioannis C and Ratliff, Lillian J and Jin, Ming and Sastry, S Shankar and Spanos, Costas J},
  journal={IEEE Transactions on Control Systems Technology},
  volume={26},
  number={3},
  pages={954--970},
  year={2017},
  publisher={IEEE}
}

@ARTICLE{6963416,
  author={Y. {Liu} and C. {Yuen} and N. {Ul Hassan} and S. {Huang} and R. {Yu} and S. {Xie}},
  journal={IEEE Transactions on Industrial Electronics}, 
  title={Electricity Cost Minimization for a Microgrid With Distributed Energy Resource Under Different Information Availability}, 
  year={2015},
  volume={62},
  number={4},
  pages={2571-2583},
  doi={10.1109/TIE.2014.2371780}}

@INPROCEEDINGS{7018632,
  author={D. {Li} and S. K. {Jayaweera}},
  booktitle={2014 IEEE Green Energy and Systems Conference (IGESC)}, 
  title={Reinforcement learning aided smart-home decision-making in an interactive smart grid}, 
  year={2014},
  volume={},
  number={},
  pages={1-6},
  doi={10.1109/IGESC.2014.7018632}}
  
@INPROCEEDINGS{6848212,
  author={Y. {Zhang} and M. {van der Schaar}},
  booktitle={IEEE INFOCOM 2014 - IEEE Conference on Computer Communications}, 
  title={Structure-aware stochastic load management in smart grids}, 
  year={2014},
  volume={},
  number={},
  pages={2643-2651},
  doi={10.1109/INFOCOM.2014.6848212}}

@ARTICLE{6915886,
  author={Q. {Wei} and D. {Liu} and G. {Shi}},
  journal={IEEE Transactions on Industrial Electronics}, 
  title={A novel dual iterative Q-learning method for optimal battery management in smart residential environments}, 
  year={2015},
  volume={62},
  number={4},
  pages={2509-2518},
  doi={10.1109/TIE.2014.2361485}}
  
@article{FUSELLI2013148,
title = {Action dependent heuristic dynamic programming for home energy resource scheduling},
journal = {International Journal of Electrical Power \& Energy Systems},
volume = {48},
pages = {148-160},
year = {2013},
issn = {0142-0615},
doi = {https://doi.org/10.1016/j.ijepes.2012.11.023},
url = {https://www.sciencedirect.com/science/article/pii/S014206151200676X},
author = {Danilo Fuselli and Francesco {De Angelis} and Matteo Boaro and Stefano Squartini and Qinglai Wei and Derong Liu and Francesco Piazza},}

@article{RAJU2015231,
title = {Distributed Optimization of Solar Micro-grid Using Multi Agent Reinforcement Learning},
journal = {Procedia Computer Science},
volume = {46},
pages = {231-239},
year = {2015},
note = {Proceedings of the International Conference on Information and Communication Technologies, ICICT 2014, 3-5 December 2014 at Bolgatty Palace \& Island Resort, Kochi, India},
issn = {1877-0509},
doi = {https://doi.org/10.1016/j.procs.2015.02.016},
url = {https://www.sciencedirect.com/science/article/pii/S1877050915000800},
author = {Leo Raju and Sibi Sankar and R.S. Milton},
keywords = {Solar micro-grid, Multi-agent Reinforcement Learning, CQ-learning, battery scheduling, optimization},}

@misc{stable-baselines,
  author = {Hill, Ashley and Raffin, Antonin and Ernestus, Maximilian and Gleave, Adam and Kanervisto, Anssi and Traore, Rene and Dhariwal, Prafulla and Hesse, Christopher and Klimov, Oleg and Nichol, Alex and Plappert, Matthias and Radford, Alec and Schulman, John and Sidor, Szymon and Wu, Yuhuai},
  title = {Stable Baselines},
  year = {2018},
  publisher = {GitHub},
  journal = {GitHub repository},
  howpublished = {\url{https://github.com/hill-a/stable-baselines}},
}

@inproceedings{haarnoja2018soft,
  title={Soft actor-critic: Off-policy maximum entropy deep reinforcement learning with a stochastic actor},
  author={Haarnoja, Tuomas and Zhou, Aurick and Abbeel, Pieter and Levine, Sergey},
  booktitle={International Conference on Machine Learning},
  pages={1861--1870},
  year={2018},
  organization={PMLR}
}

@inproceedings{konda2000actor,
  title={Actor-critic algorithms},
  author={Konda, Vijay R and Tsitsiklis, John N},
  booktitle={Advances in neural information processing systems},
  pages={1008--1014},
  year={2000},
  organization={Citeseer}
}


@article{agwan2020optimal,
  title={Optimal Prosumer Aggregations: Design and Modeling},
  author={Agwan, Utkarsha},
  year={2020}
}
@article{lu2018dynamic,
  title={A dynamic pricing demand response algorithm for smart grid: reinforcement learning approach},
  author={Lu, Renzhi and Hong, Seung Ho and Zhang, Xiongfeng},
  journal={Applied Energy},
  volume={220},
  pages={220--230},
  year={2018},
  publisher={Elsevier}
}

@inproceedings{spangherofficelearn,
  title={OfficeLearn: An OpenAI Gym Environment for Reinforcement Learning on Occupant-Level Building’s Energy Demand Response},
  author={Spangher, Lucas and Gokul, Akash and Palakapilly, Joseph and Agwan, Utkarsha and Khattar, Manan and Ma, Wann-Jiun and Spanos, Costas},
 booktitle={Tackling Climate Change with Artificial Intelligence Workshop at NeurIPS, 2020}
}
% Title of Homepage. Date of publication. Edition. Place of publication: publisher; [date updated; date accessed]. Notes.

@inproceedings{afzalan2019semantic,
  title={Semantic search in household energy consumption segmentation through descriptive characterization},
  author={Afzalan, Milad and Jazizadeh, Farrokh},
  booktitle={Proceedings of the 6th ACM International Conference on Systems for Energy-Efficient Buildings, Cities, and Transportation},
  pages={263--266},
  year={2019}
}

@article{smirl,
  author    = {Glen Berseth and
               Daniel Geng and
               Coline Devin and
               Chelsea Finn and
               Dinesh Jayaraman and
               Sergey Levine},
  title     = {SMiRL: Surprise Minimizing {RL} in Dynamic Environments},
  journal   = {CoRR},
  volume    = {abs/1912.05510},
  year      = {2019},
  url       = {http://arxiv.org/abs/1912.05510},
  archivePrefix = {arXiv},
  eprint    = {1912.05510},
  timestamp = {Thu, 02 Jan 2020 18:08:18 +0100},
  biburl    = {https://dblp.org/rec/journals/corr/abs-1912-05510.bib},
  bibsource = {dblp computer science bibliography, https://dblp.org}
}

@article{schulmanPPO,
  author    = {John Schulman and
               Filip Wolski and
               Prafulla Dhariwal and
               Alec Radford and
               Oleg Klimov},
  title     = {Proximal Policy Optimization Algorithms},
  journal   = {CoRR},
  volume    = {abs/1707.06347},
  year      = {2017},
  url       = {http://arxiv.org/abs/1707.06347},
  archivePrefix = {arXiv},
  eprint    = {1707.06347},
  timestamp = {Mon, 13 Aug 2018 16:47:34 +0200},
  biburl    = {https://dblp.org/rec/journals/corr/SchulmanWDRK17.bib},
  bibsource = {dblp computer science bibliography, https://dblp.org}
}